<?xml version="1.0" encoding="UTF-8"?><collection xmlns="http://www.loc.gov/MARC21/slim"><record><leader>00534nam--2200157-i-4500</leader><controlfield tag="001">000009205</controlfield><controlfield tag="002">20161230</controlfield><controlfield tag="005">20170305230445</controlfield><controlfield tag="008">060222s1000------------r-----000-0-eng-d</controlfield><datafield ind1=" " ind2=" " tag="080"><subfield code="a">621.375.82</subfield></datafield><datafield ind1=" " ind2=" " tag="100"><subfield code="a">Alsop, Leonard Erwin</subfield></datafield><datafield ind1=" " ind2=" " tag="245"><subfield code="a">A solid state maser used as a preamplifier for a radiometer and the observation of centimeter wavelength radioation from astronomical objects</subfield><subfield code="b">thesis</subfield></datafield><datafield ind1=" " ind2=" " tag="260"><subfield code="a">Ann Arbor, Michigan</subfield><subfield code="b">Universitiy Microfilms Inc</subfield><subfield code="c">1961</subfield></datafield><datafield ind1=" " ind2=" " tag="300"><subfield code="a">II +91 p</subfield></datafield><datafield ind1=" " ind2=" " tag="852"><subfield code="a">32391</subfield></datafield><datafield ind1=" " ind2=" " tag="CAT"><subfield code="a">SYS</subfield><subfield code="c">20170305</subfield><subfield code="h">230445</subfield></datafield></record></collection>